@inproceedings{Noel2012NOF,
 author = {Noel, Joseph and Sanner, Scott and Tran, Khoi-Nguyen and Christen, Peter and Xie, Lexing and Bonilla, Edwin V. and Abbasnejad, Ehsan and Della Penna, Nicolas},
 title = {New objective functions for social collaborative filtering},
 booktitle = {Proceedings of the 21st international conference on World Wide Web},
 series = {WWW '12},
 year = {2012},
 isbn = {978-1-4503-1229-5},
 location = {Lyon, France},
 pages = {859--868},
 numpages = {10},
 url = {http://doi.acm.org/10.1145/2187836.2187952},
 doi = {10.1145/2187836.2187952},
 acmid = {2187952},
 publisher = {ACM},
 address = {New York, NY, USA},
 keywords = {collaborative filtering, machine learning, social networks},
} 



@inproceedings{Goel2012structure,
 author = {Goel, Sharad and Watts, Duncan J. and Goldstein, Daniel G.},
 title = {The structure of online diffusion networks},
 booktitle = {Proceedings of the 13th ACM Conference on Electronic Commerce},
 series = {EC '12},
 year = {2012},
 isbn = {978-1-4503-1415-2},
 location = {Valencia, Spain},
 pages = {623--638},
 numpages = {16},
 url = {http://doi.acm.org/10.1145/2229012.2229058},
 doi = {10.1145/2229012.2229058},
 acmid = {2229058},
 publisher = {ACM},
 address = {New York, NY, USA},
 keywords = {computational social science, contagion, diffusion, social networks},
} 

@inproceedings{Panigrahy2012ubr,
 author = {Panigrahy, Rina and Najork, Marc and Xie, Yinglian},
 title = {How user behavior is related to social affinity},
 booktitle = {Proceedings of the fifth ACM international conference on Web search and data mining},
 series = {WSDM '12},
 year = {2012},
 isbn = {978-1-4503-0747-5},
 location = {Seattle, Washington, USA},
 pages = {713--722},
 numpages = {10},
 url = {http://doi.acm.org/10.1145/2124295.2124379},
 doi = {10.1145/2124295.2124379},
 acmid = {2124379},
 publisher = {ACM},
 address = {New York, NY, USA},
 keywords = {affinity, distance, influence, sketching, social networks},
} 


@inproceedings{ste,
  title = {Learning to recommend with social trust ensemble},
  author = {Ma and King and Lyu},
  booktitle = {SIGIR-09},
  year = {2009}
}


@inproceedings{lla,
  title = {Like like alike: Joint Friendship and Interest Propagation in Social Networks},
  author = {Yang and Long and Smola and Sadagopan and Zheng and Zha},
  booktitle = {WWW-11},
  year = {2011}
}


@inproceedings{glfm,
  title = {Generalized Latent Factor Models for Social Network Analysis},
  author = {Li and Yeung and Zhang},
  booktitle = {IJCAI-11},
  year = {2011}
}


@inproceedings{tf,
  title = {Learning Optimal Ranking with Tensor Factorization for Tag Recommendation}, 
  author = {S. Rendle and L. B. Marinho and A. Nanopoulos and L. Schmidt-Thieme},
  booktitle = {KDD-09},
  year = {2009}
}


@inproceedings{sorec,
  title = {SoRec: Social Recommendation using Probabilistic Matrix Factorization},
  author = {H. Ma and H. Yang and M. R. Lyu and I. King},
  booktitle = {CIKM-08},
  year = {2008}
}


@inproceedings{sr,
  title = {Recommender systems with social regularization},
  author = {Hao Ma and Dengyong Zhou and Chao Liu and Michael R. Lyu and Irwin King},
  booktitle = {WSDM-11},
  year = {2011}
}


@inproceedings{rrmf,
  title = {Relation Regularized Matrix Factorization},
  author = {Wu-Jun Li and Dit-Yan Yeung},
  booktitle = {IJCAI-09},
  year = {2009}
}


@inproceedings{bisim,
  title = {Learning Bidirectional Similarity for Collaborative Filtering},
  author = {Bin Cao and Jian-Tao Sun and Jianmin Wu and Qiang Yang and Zheng Chen},
  booktitle = {ECML-08},
  year = {2008}
}


@inproceedings{socinf,
  author = {Peng Cui and Fei Wang and Shaowei Liu and Mingdong Ou and Shiqiang Yang},
  title = {Who Should Share What? Item-level Social Influence Prediction for Users and Posts Ranking},
  booktitle = {International ACM SIGIR Conference (SIGIR)},
  year = {2011}
}


@inproceedings{matchbox,
  author    = {David H. Stern and
               Ralf Herbrich and
               Thore Graepel},
  title     = {Matchbox: large scale online bayesian recommendations},
  booktitle = {WWW-09},
  year      = {2009},
  pages     = {111-120}
}


@inproceedings{diversity05,
 author = {Ziegler, Cai-Nicolas and McNee, Sean M. and Konstan, Joseph A. and Lausen, 
Georg},
 title = {Improving recommendation lists through topic diversification},
 booktitle = {WWW '05: Proceedings of the 14th International Conference on World Wide Web},
 year = {2005},
 isbn = {1-59593-046-9},
 pages = {22--32},
 location = {Chiba, Japan},
 doi = {http://doi.acm.org/10.1145/1060745.1060754},
 publisher = {ACM},
 address = {New York, NY, USA},
 }


@inproceedings{graph_kernel,
  author    = {Fran\c{c}ois Fouss and
               Luh Yen and
               Alain Pirotte and
               Marco Saerens},
  title     = {An Experimental Investigation of Graph Kernels on a Collaborative Recommendation Task},
  booktitle = {ICDM},
  year      = {2006},
  pages     = {863-868},
  ee        = {http://doi.ieeecomputersociety.org/10.1109/ICDM.2006.18},
}




@INPROCEEDINGS{pomdp_pref,
 author = {Craig Boutilier},
 title = {A {POMDP} formulation of preference elicitation problems},
 booktitle = {Eighteenth National Conference on Artificial Intelligence},
 year = {2002},
 isbn = {0-262-51129-0},
 pages = {239--246},
 location = {Edmonton, Alberta, Canada},
 publisher = {American Association for Artificial Intelligence},
 address = {Menlo Park, CA, USA},
 }




@InProceedings{shengbo,
  author =          {Shengbo Guo and Scott Sanner},
  title =          {Real-time Multiattribute {B}ayesian Preference 
Elicitation with Pairwise Comparison Queries},
  booktitle = {Thirteenth International Conference on
Artificial Intelligence and Statistics},
  year =          {2010},
  note =          {},
}




@Misc{edwin,
  author =          {Edwin Bonilla and Shengbo Guo and Scott Sanner},
  title =          {Gaussian Process Preference Elicitation},
  year =          {2010},
  note =          {Submitted, available on request.}
}


@article{influence,
    author = {Watts, Duncan J. and Dodds, Peter S.},
    journal = {Journal of Consumer Research},
    keywords = {information-cascades, information-dissemination, marketing, social-network-analysis},
    month = {December},
    number = {4},
    pages = {441--458},
    posted-at = {2010-07-01 12:50:12},
    priority = {2},
    publisher = {The University of Chicago Press},
    title = {Influentials, Networks, and Public Opinion Formation},
    url = {http://dx.doi.org/10.1086/518527},
    volume = {34},
    year = {2007}
}


@inproceedings{richardson,
  author    = {Parag Singla and
               Matthew Richardson},
  title     = {Yes, there is a correlation: from social networks to personal
               behavior on the web},
  booktitle = {WWW '08: Proceedings of the 17th International Conference on World Wide Web},
  year      = {2008},
  pages     = {655-664},
  ee        = {http://doi.acm.org/10.1145/1367497.1367586},
}


@inproceedings{kunegis,
 author = {Kunegis, J\'{e}r\^{o}me and Lommatzsch, Andreas and Bauckhage, Christian},
 title = {The {S}lashdot zoo: mining a social network with negative edges},
 booktitle = {WWW '09: Proceedings of the 18th International Conference on World Wide Web},
 year = {2009},
 isbn = {978-1-60558-487-4},
 pages = {741--750},
 location = {Madrid, Spain},
 doi = {http://doi.acm.org/10.1145/1526709.1526809},
 publisher = {ACM},
 address = {New York, NY, USA},
 }


@article{conitzer-jair-09,
  AUTHOR =       {Vincent Conitzer},
  TITLE =        {Eliciting Single-Peaked Preferences Using Comparison Queries},
  JOURNAL =      {Journal of Artificial Intelligence Research},
  YEAR =         {2009},
  volume =       {35},
  pages =        {161--191},
}


   @article{jones-jgo-01,
 author = {Donald R. Jones},
 title = {A Taxonomy of Global Optimization Methods Based on Response Surfaces},
 journal = {Journal of Global Optimization},
 volume = {21},
 number = {4},
 year = {2001},
 issn = {0925-5001},
 pages = {345--383},
 publisher = {Kluwer Academic Publishers},
 address = {Hingham, MA, USA},
 }  
@incollection{bonilla-et-al-nips-08,
 title = {Multi-task Gaussian Process Prediction},
 author = {Edwin V. Bonilla and Kian Ming A. Chai and Christopher K. I. Williams},
 booktitle = {Advances in Neural Information Processing Systems 20},
 editor = {J.C. Platt and D. Koller and Y. Singer and S. Roweis},
 publisher = {MIT Press},
 address = {Cambridge, MA},
 pages = {153--160},
 year = {2008}
}


 @inproceedings{kamishima-kdd-03,
 author = {Kamishima, Toshihiro},
 title = {Nantonac collaborative filtering: recommendation based on order responses},
 booktitle = {KDD '03: Proceedings of the ninth ACM SIGKDD international 
conference on Knowledge discovery and data mining},
 year = {2003},
 isbn = {1-58113-737-0},
 pages = {583--588},
 location = {Washington, D.C.},
 doi = {http://doi.acm.org/10.1145/956750.956823},
 publisher = {ACM},
 address = {New York, NY, USA},
 }


% cause they use sushi dataset
@inproceedings{huang-guestrin-nips-09,
title = {Riffled Independence for Ranked Data},
author = {Jonathan Huang and Carlos Guestrin},
booktitle = {In Advances in Neural Information Processing Systems (NIPS)},
month = {December},
year = {2009},
address = {Vancouver, Canada},
}
 
@article{birlutiu-et-al-neuro-10,
 author = {Birlutiu, Adriana and Groot, Perry and Heskes, Tom},
 title = {Multi-task preference learning with an application to hearing aid 
personalization},
 journal = {Neurocomputing},
 volume = {73},
 number = {7-9},
 year = {2010},
 pages = {1177--1185},
 publisher = {Elsevier Science Publishers B. V.},
 address = {Amsterdam, The Netherlands, The Netherlands},
 }


@inproceedings{chu-Ghahramani-icml-05,
 author = {Chu, Wei and Ghahramani, Zoubin},
 title = {Preference learning with {G}aussian processes},
 booktitle = {Proceedings of the 22nd 
international conference on Machine learning},
 year = {2005},
 pages = {137--144},
 location = {Bonn, Germany},
 publisher = {ACM},
 address = {New York, NY, USA},
 }
@article{chu-Ghahramani-jmlr-05,
 author = {Chu, Wei and Ghahramani, Zoubin},
 title = {Gaussian Processes for Ordinal Regression},
 journal = {Journal of Machine Learning Research},
 volume = {6},
 year = {2005},
 pages = {1019--1041},
 publisher = {JMLR.org},
 }


@incollection{brochu-et-al-nips-08,
 title = {Active Preference Learning with Discrete Choice Data},
 author = {Brochu Eric and Nando De Freitas and Abhijeet Ghosh},
 booktitle = {Advances in Neural Information Processing Systems 20},
 editor = {J.C. Platt and D. Koller and Y. Singer and S. Roweis},
 publisher = {MIT Press},
 address = {Cambridge, MA},
 pages = {409--416},
 year = {2008}
}




@inproceedings{yu-et-al-icml-05,
 author = {Yu, Kai and Tresp, Volker and Schwaighofer, Anton},
 title = {Learning {G}aussian processes from multiple tasks},
 booktitle = {Proceedings of the 22nd international conference on Machine learning},
 year = {2005},
 isbn = {1-59593-180-5},
 pages = {1012--1019},
 location = {Bonn, Germany},
 doi = {http://doi.acm.org/10.1145/1102351.1102479},
 publisher = {ACM},
 address = {New York, NY, USA},
 }




@Article{howard-ieee-66,
  author =          {Howard, R.A.},
  title =          {Information value theory},
  journal =          {IEEE Transactions on Systems Science and
 Cybernetics},
  year =          {1966},
  volume =          {2},
  number =          {1},
  pages =          {22-26}
}






@inproceedings{chajewska-et-al-aaai-00,
 author = {Chajewska, Urszula and Koller, Daphne and Parr, Ronald},
 title = {Making Rational Decisions Using Adaptive Utility Elicitation},
 booktitle = {Proceedings of the Seventeenth National 
Conference on Artificial Intelligence and Twelfth 
Conference on Innovative Applications of Artificial Intelligence},
 year = {2000},
 pages = {363--369},
 publisher = {AAAI Press / The MIT Press},
 }


@InProceedings{guo-sanner-aistats-10,
  author =          {S. Guo and S. Sanner},
  title =          {Real-time Multiattribute {B}ayesian Preference 
Elicitation with Pairwise Comparison Queries },
  booktitle = {Thirteenth International Conference on
Artificial Intelligence and Statistics},
  year =          {2010},
  note =          {},
}


@article{candela-rasmussen-jmlr-05,
 author = {Qui\~{n}onero-Candela, Joaquin and Rasmussen, Carl Edward},
 title = {A Unifying View of Sparse Approximate {G}aussian Process Regression},
 journal = {Journal of Machine Learning Research},
 volume = {6},
 year = {2005},
 issn = {1532-4435},
 pages = {1939--1959},
 publisher = {JMLR.org},
 }
 
% Shengbo's references
@INPROCEEDINGS{boutilier02239,
 author = {Craig Boutilier},
 title = {A {POMDP} formulation of preference elicitation problems},
 booktitle = {Proceedings of the 18th National Conference on Artificial Intelligence},
 year = {2002},
 isbn = {0-262-51129-0},
 pages = {239--246},
 location = {Edmonton, Alberta, Canada},
 publisher = {American Association for Artificial Intelligence},
 address = {Menlo Park, CA, USA},
 }


@INPROCEEDINGS{Chajewska00utilitiesas,
    author = {Urszula Chajewska and Daphne Koller},
    title = {Utilities as Random Variables: Density Estimation and Structure Discovery},
    booktitle = {Proceedings of the 16th Conference on Uncertainty in Artificial Intelligence},
    year = {2000},
    pages = {63--71},
    publisher = {Morgan Kaufmann Publishers Inc.},
}


@ARTICLE{conitzer09161,
  AUTHOR =       {Vincent Conitzer},
  TITLE =        {Eliciting Single-Peaked Preferences Using Comparison Queries},
  JOURNAL =      {Journal of Artificial Intelligence Research},
  YEAR =         {2009},
  volume =       {35},
  number =       {},
  pages =        {161--191},
  month =        {},
  note =         {},
  abstract =     {},
  keywords =     {},
  source =       {},
}


@INPROCEEDINGS{viappiani09Regret-basedOptimalRecommendationSetsConversational,
  AUTHOR =       {Paolo Viappiani and Craig Boutilier},
  TITLE =        {Regret-based optimal recommendation sets in conversational recommender systems},
  BOOKTITLE =    {Proceedings of the third ACM conference on Recommender systems},
  YEAR =         {2009},
  editor =       {},
  volume =       {},
  number =       {},
  series =       {},
  pages =        {101--108},
  address =      {New York City, NY, USA},
  month =        {October},
  organization = {},
  publisher =    {ACM},
  note =         {},
  abstract =     {},
  keywords =     {},
}


@ARTICLE{bradley52324,
  AUTHOR =       {Ralph Allan Bradley and Milton E. Terry},
  TITLE =        {Rank Analysis of Incomplete Block Designs: The Method of Paired Comparison},
  JOURNAL =      {Biometrika},
  YEAR =         {1952},
  volume =       {39},
  number =       {},
  pages =        {324--345},
  month =        {December},
  note =         {},
  abstract =     {},
  keywords =     {},
  source =       {},
}


@inproceedings{pmf,
  AUTHOR = {Ruslan Salkhunitdov and {\bf \Large ???}},
  TITLE = {Probabilistic Matrix Factorization},
  BOOKTITLE = {???},
  YEAR = {???},
}




@inproceedings{Li:2011:CTC:2063576.2063721,
 author = {Li, Hui and Bhowmick, Sourav S. and Sun, Aixin},
 title = {CASINO: towards conformity-aware social influence analysis in online social networks},
 booktitle = {Proceedings of the 20th ACM international conference on Information and knowledge management},
 series = {CIKM '11},
 year = {2011},
 isbn = {978-1-4503-0717-8},
 location = {Glasgow, Scotland, UK},
 pages = {1007--1012},
 numpages = {6},
 url = {http://doi.acm.org/10.1145/2063576.2063721},
 doi = {http://doi.acm.org/10.1145/2063576.2063721},
 acmid = {2063721},
 publisher = {ACM},
 address = {New York, NY, USA},
 keywords = {conformity, influence, signed edge, social networks, topic-based subgraphs, twitter},
} 




@inproceedings{saez2011high,
  title={High Correlation between Incoming and Outgoing Activity: A Distinctive Property of Online Social Networks?},
  author={Saez-Trumper, D. and Nettleton, D. and Baeza-Yates, R.},
  booktitle={Fifth International AAAI Conference on Weblogs and Social Media},
  year={2011}
}




@inproceedings{gilbert2009predicting,
  title={Predicting tie strength with social media},
  author={Gilbert, E. and Karahalios, K.},
  booktitle={Proceedings of the 27th international conference on Human factors in computing systems},
  pages={211--220},
  year={2009},
  organization={ACM}
}




@inproceedings{ver2011stops,
  title={What Stops Social Epidemics?},
  author={Ver Steeg, G. and Ghosh, R. and Lerman, K.},
  booktitle={Proc. 5th Int. Conf. on Weblogs and Social Media},
  year={2011}
}




@inproceedings{backstrom2011center,
  title={Center of attention: How facebook users allocate attention across friends},
  author={Backstrom, L. and Bakshy, E. and Kleinberg, J. and Lento, T.M. and Rosenn, I.},
  booktitle={Proc. 5th International Conference on Weblogs and Social Media},
  year={2011}
}


@inproceedings{gomes2011social,
  title={Social interactions representation as users behavioral contingencies and evaluation in social networks},
  author={Gomes, A.K. and da Graca C Pimentel, M.},
  booktitle={Semantic Computing (ICSC), 2011 Fifth IEEE International Conference on},
  pages={275--278},
  year={2011},
  organization={IEEE}
}


@inproceedings{wilson2009user,
  title={User interactions in social networks and their implications},
  author={Wilson, C. and Boe, B. and Sala, A. and Puttaswamy, K.P.N. and Zhao, B.Y.},
  booktitle={Proceedings of the 4th ACM European conference on Computer systems},
  pages={205--218},
  year={2009},
  organization={Acm}
}